<record><leader>00000cas a22000007a 4500</leader><controlfield tag="001">24071794</controlfield><controlfield tag="008">910715d19831985nhuen ne      0    0eng d</controlfield><datafield ind1=" " ind2=" " tag="010"><subfield code="a">sn 91063086 </subfield></datafield><datafield ind1=" " ind2=" " tag="040"><subfield code="a">NVH</subfield><subfield code="b">eng</subfield><subfield code="c">NVH</subfield><subfield code="d">NSD</subfield><subfield code="d">OCLCQ</subfield><subfield code="d">OCLCO</subfield></datafield><datafield ind1="1" ind2=" " tag="029"><subfield code="a">AU@</subfield><subfield code="b">000025899082</subfield></datafield><datafield ind1=" " ind2=" " tag="042"><subfield code="a">msc</subfield></datafield><datafield ind1="0" ind2=" " tag="130"><subfield code="a">Crier (Manchester, N.H. : 1983)</subfield></datafield><datafield ind1="1" ind2="4" tag="245"><subfield code="a">The Crier.</subfield></datafield><datafield ind1=" " ind2=" " tag="260"><subfield code="a">[Manchester, N.H. :</subfield><subfield code="b">St. Anselm College]</subfield></datafield><datafield ind1=" " ind2=" " tag="300"><subfield code="a">v.</subfield></datafield><datafield ind1=" " ind2=" " tag="310"><subfield code="a">Biweekly during academic year except vacations</subfield></datafield><datafield ind1="0" ind2=" " tag="362"><subfield code="a">-v. 19, no. 4 (Nov. 22, 1985).</subfield></datafield><datafield ind1="1" ind2=" " tag="362"><subfield code="a">Began in 1983.</subfield></datafield><datafield ind1=" " ind2=" " tag="588"><subfield code="a">Description based on: Vol. 17, no. 8 (Apr. 13, 1983).</subfield></datafield><datafield ind1="2" ind2=" " tag="710"><subfield code="a">Saint Anselm College (Manchester, N.H.)</subfield></datafield><datafield ind1=" " ind2=" " tag="752"><subfield code="a">United States</subfield><subfield code="b">New Hampshire</subfield><subfield code="c">Hillsborough</subfield><subfield code="d">Manchester.</subfield></datafield><datafield ind1="0" ind2="0" tag="780"><subfield code="t">St. Anselm crier (Manchester, N.H. : 1981)</subfield><subfield code="w">(DLC)sn 91063085</subfield><subfield code="w">(OCoLC)24071779</subfield></datafield><datafield ind1="0" ind2="0" tag="785"><subfield code="t">St. Anselm crier (Manchester, N.H. : 1986)</subfield><subfield code="x">1060-2267</subfield><subfield code="w">(DLC)sn 91063087</subfield><subfield code="w">(OCoLC)24071798</subfield></datafield></record>